@article{lesnick2015interactive,
  title		={Interactive visualization of 2-d persistence modules},
  author	={Lesnick, Michael and Wright, Matthew},
  journal	={arXiv preprint arXiv:1512.00180},
  year		={2015},
  note 		= {http://rivet.online/},
  keywords 	= {software}
}

@unpublished{bauer2017ripser,
  title    = {Ripser: a lean {C}++ code for the computation of Vietoris-Rips persistence barcodes},
  author   = {Bauer, Ulrich},
  note     = {https://github. com/Ripser/ripser},
  year     = {2017},
  keywords = {software}
}

@unpublished{Wolcott2016InteractiveJPDwB,
  author   = {Wolcott, Luke},
  title    = {Interactive{JPD}w{B}: an interative program for persistence homology},
  year     = {2016},
  note     = {https://github.com/lukewolcott/InteractiveJPDwB},
  keywords = {software} 
}

@article{carlsson_topology_2009,
	title = {Topology and data},
	volume = {46},
	pages = {255--308},
	number = {2},
	journal = {Bull. Amer. Math. Soc.},
	author = {Carlsson, Gunnar},
	date = {2009},
	keywords={intro},
}

@article{bubenik_statistical_2015,
  title={Statistical topological data analysis using persistence landscapes},
  author={Bubenik, Peter},
  journal={J. Mach. Lear. R.},
  volume={16},
  number={1},
  year={2015},
  keywords={nintro},
}

@article{ghrist2017homological,
  title={Homological algebra and data},
  author={Ghrist, Robert},
  url={https://www.math.upenn.edu/~ghrist/preprints/HAD.pdf},
  year={2017},
	keywords={intro},
}

@book{oudot2015persistence,
  title={Persistence theory: from quiver representations to data analysis},
  author={Oudot, Steve Y},
  volume={209},
  year={2015},
  publisher={Amer. Math. Soc. Providence, RI},
  keywords={nintro},
}


@article{perea_brief_2018,
	title = {A Brief History of Persistence},
	url = {http://arxiv.org/abs/1809.03624},
	author = {Perea, Jose A.},
	eprinttype = {arxiv},
	year={2018},
	keywords={intro},
}

@article{wright,
        author = {Matthew Wright},
	title = {Introduction to Persistent Homology - {YouTube}},
	url = {https://www.youtube.com/watch?v=h0bnG1Wavag},
	keywords={intro},
	year={2016},
}
