@article{carlsson_topology_2009,
	title = {Topology and data},
	volume = {46},
	pages = {255--308},
	number = {2},
	journal = {Bull. Amer. Math. Soc.},
	author = {Carlsson, Gunnar},
	date = {2009},
	keywords={intro},
}

@article{bubenik_statistical_2015,
  title={Statistical topological data analysis using persistence landscapes},
  author={Bubenik, Peter},
  journal={J. Mach. Lear. R.},
  volume={16},
  number={1},
  year={2015},
  keywords={nintro},
}

@article{ghrist2017homological,
  title={Homological algebra and data},
  author={Ghrist, Robert},
  url={https://www.math.upenn.edu/~ghrist/preprints/HAD.pdf},
  year={2017},
	keywords={intro},
}

@book{oudot2015persistence,
  title={Persistence theory: from quiver representations to data analysis},
  author={Oudot, Steve Y},
  volume={209},
  year={2015},
  publisher={Amer. Math. Soc. Providence, RI},
  keywords={nintro},
}


@article{perea_brief_2018,
	title = {A Brief History of Persistence},
	url = {http://arxiv.org/abs/1809.03624},
	author = {Perea, Jose A.},
	eprinttype = {arxiv},
	year={2018},
	keywords={intro},
}

@article{wright,
        author = {Matthew Wright},
	title = {Introduction to Persistent Homology - {YouTube}},
	url = {https://www.youtube.com/watch?v=h0bnG1Wavag},
	keywords={intro},
	year={2016},
}
